<?xml version="1.0" encoding="UTF-8"?><collection xmlns="http://www.loc.gov/MARC21/slim"><record><leader>00467nam--2200169-u-4500</leader><controlfield tag="001">000055447</controlfield><controlfield tag="002">20161230</controlfield><controlfield tag="005">20161230201052</controlfield><controlfield tag="008">130211s1000------------r-----000-0-eng-d</controlfield><datafield ind1=" " ind2=" " tag="040"><subfield code="a">IFIN-HH</subfield></datafield><datafield ind1=" " ind2=" " tag="080"><subfield code="a">030.8=82=86</subfield></datafield><datafield ind1="1" ind2=" " tag="100"><subfield code="a">Barsukova, V.V</subfield></datafield><datafield ind1="1" ind2="0" tag="245"><subfield code="a">Russko-serbskohorvatskii slovari</subfield><subfield code="b">Rusko-sprskohrvatski recenik</subfield><subfield code="c">V.v. barsukova</subfield></datafield><datafield ind1=" " ind2=" " tag="260"><subfield code="a">Moskva</subfield><subfield code="b">Sovetskaia Entikolpedia</subfield><subfield code="c">1965</subfield></datafield><datafield ind1=" " ind2=" " tag="300"><subfield code="a">784P</subfield></datafield><datafield ind1=" " ind2=" " tag="852"><subfield code="a">D.368</subfield><subfield code="c">SLG</subfield></datafield><datafield ind1=" " ind2=" " tag="CAT"><subfield code="a">Sys</subfield><subfield code="c">20130211</subfield><subfield code="h">112229</subfield></datafield></record></collection>